<record><leader>00000cas a22000007a 4500</leader><controlfield tag="001">11951271</controlfield><controlfield tag="008">850423d18751881nyuwr ne      0    0eng d</controlfield><datafield ind1=" " ind2=" " tag="010"><subfield code="a">sn 85025860 </subfield></datafield><datafield ind1=" " ind2=" " tag="040"><subfield code="a">NPX</subfield><subfield code="b">eng</subfield><subfield code="c">NPX</subfield><subfield code="d">NYS</subfield><subfield code="d">OCLCQ</subfield></datafield><datafield ind1=" " ind2=" " tag="042"><subfield code="a">msc</subfield></datafield><datafield ind1="0" ind2="4" tag="245"><subfield code="a">The Allegany journal.</subfield></datafield><datafield ind1=" " ind2=" " tag="260"><subfield code="a">Allegany, N.Y. :</subfield><subfield code="b">J.J. Barker</subfield></datafield><datafield ind1=" " ind2=" " tag="300"><subfield code="a">v.</subfield></datafield><datafield ind1=" " ind2=" " tag="310"><subfield code="a">Weekly,</subfield><subfield code="b">Aug. 4, 1875-1881</subfield></datafield><datafield ind1=" " ind2=" " tag="321"><subfield code="a">Semimonthly,</subfield><subfield code="b">May-July, 1875</subfield></datafield><datafield ind1="1" ind2=" " tag="362"><subfield code="a">Began with May 11, 1875 issue.</subfield><subfield code="z">Cf. Hist. of Cattaraugus Co., N.Y., 1879.</subfield></datafield><datafield ind1="1" ind2=" " tag="362"><subfield code="a">Ceased in 1881.</subfield><subfield code="z">Cf. Bibl. of newspapers in 2 N.Y. State counties.</subfield></datafield><datafield ind1=" " ind2=" " tag="500"><subfield code="a">Democratic. Cf. Rowell, 1877.</subfield></datafield><datafield ind1=" " ind2=" " tag="588"><subfield code="a">Description based on: Vol. 1, no. 38 (May 5, 1876).</subfield></datafield><datafield ind1=" " ind2="4" tag="651"><subfield code="a">Allegany (N.Y.)</subfield><subfield code="v">Newspapers.</subfield></datafield><datafield ind1=" " ind2=" " tag="752"><subfield code="a">United States</subfield><subfield code="b">New York</subfield><subfield code="c">Cattaraugus</subfield><subfield code="d">Allegany.</subfield></datafield><datafield ind1="0" ind2="0" tag="780"><subfield code="t">Town talk (Allegany, N.Y.)</subfield><subfield code="w">(DLC)sn 92062069</subfield></datafield></record>